% !TeX root = Bericht.tex
@article{Hubble1929,
	title={A relation between distance and radial velocity among extra-galactic nebulae},
	author={Hubble, Edwin},
	journal={Proceedings of the national academy of sciences},
	volume={15},
	number={3},
	pages={168--173},
	year={1929},
	publisher={National Acad Sciences}
}

@article{slipher1915spectrographic,
	title={Spectrographic observations of nebulae},
	author={Slipher, Vesto M},
	journal={Popular Astronomy, Vol. 23, p. 21-24},
	volume={23},
	pages={21--24},
	year={1915}
}

@online{blunder,
	title = {Lemaitre and Hubble: A Tale Of Two Blunders},
	date = {2011-06-23},
	author = {Kent, Stephen},
	url = {https://astro.uchicago.edu/~kent/fnal/blunder.html},
}

@online{blunder,
	title = {Lemaitre and Hubble: A Tale Of Two Blunders},
	date = {2011-06-23},
	author = {Kent, Stephen},
	url = {https://astro.uchicago.edu/~kent/fnal/blunder.html},
}

@online{deSitter,
	title = {What, Exactly, Is The "De Sitter Effect"?},
	date = {2011-06-23},
	author = {Kent, Stephen},
	url = {https://astro.uchicago.edu/~kent/fnal/effect.html},
}

@article{deSitter1930proceedings,
	title={Proceedings of the RAS},
	author={de Sitter, Willem},
	journal={The Observatory},
	volume={53},
	pages={37--39},
	year={1930}
}

@article{lundmark1925motions,
	title={The motions and the distances of spiral nebulae},
	author={Lundmark, Knut},
	journal={Monthly Notices of the Royal Astronomical Society, Vol. 85, p. 865},
	volume={85},
	pages={865},
	year={1925}
}

@article{lemaitre1927univers,
	title={Un Univers homog{\`e}ne de masse constante et de rayon croissant rendant compte de la vitesse radiale des n{\'e}buleuses extra-galactiques},
	author={Lema{\^\i}tre, Georges},
	journal={Annales de la Soci{\'e}t{\'e} Scientifique de Bruxelles, A47, p. 49-59},
	volume={47},
	pages={49--59},
	year={1927}
}

@article{Di_Valentino_2021,
	doi = {10.1093/mnras/stab187},
	url = {https://doi.org/10.1093%2Fmnras%2Fstab187},
	year = 2021,
	month = jan,
	publisher = {Oxford University Press ({OUP})},
	volume = {502},
	number = {2},
	pages = {2065--2073},
	author = {Eleonora Di~Valentino},
	title = {A combined analysis of the \( H_0 \) late time direct measurements and the impact on the Dark Energy sector},
	journal = {Monthly Notices of the Royal Astronomical Society}
}

@article{kamionkowski2023hubble,
	title={The Hubble tension and early dark energy},
	author={Kamionkowski, Marc and Riess, Adam G},
	journal={Annual Review of Nuclear and Particle Science},
	volume={73},
	number={1},
	pages={153--180},
	year={2023},
	publisher={Annual Reviews}
}