@ARTICLE{Hubble1929,
	author = {{Hubble}, E.~P.},
	title = "{Extragalactic nebulae.}",
	journal = {},
	year = 1926,
	month = dec,
	volume = {64},
	pages = {321-369},
	doi = {10.1086/143018},
	adsurl = {https://ui.adsabs.harvard.edu/abs/1926ApJ....64..321H},
	adsnote = {Provided by the SAO/NASA Astrophysics Data System}
}

@ARTICLE{Hubble1931,
	author = {{Hubble}, Edwin and {Humason}, Milton L.},
	title = "{The Velocity-Distance Relation among Extra-Galactic Nebulae}",
	journal = {},
	year = 1931,
	month = jul,
	volume = {74},
	pages = {43},
	doi = {10.1086/143323},
	adsurl = {https://ui.adsabs.harvard.edu/abs/1931ApJ....74...43H},
	adsnote = {Provided by the SAO/NASA Astrophysics Data System}
}

@article{betoule2014improved,
	title={Improved cosmological constraints from a joint analysis of the SDSS-II and SNLS supernova samples},
	author={Betoule, MEA and Kessler, R and Guy, J and Mosher, J and Hardin, D and Biswas, R and Astier, P and El-Hage, P and Konig, M and Kuhlmann, S and others},
	journal={Astronomy \& Astrophysics},
	volume={568},
	pages={A22},
	year={2014},
	publisher={EDP Sciences}
}


