@book{nielsen2010quantum,
	title={Quantum computation and quantum information},
	author={Nielsen, Michael A and Chuang, Isaac L},
	year={2010},
	publisher={Cambridge university press}
}

@article{divincenzo_physical_2000,
	title = {The Physical Implementation of Quantum Computation},
	volume = {48},
	issn = {00158208, 15213978},
	url = {http://arxiv.org/abs/quant-ph/0002077},
	doi = {10.1002/1521-3978(200009)48:9/11<771::AID-PROP771>3.0.CO;2-E},
	abstract = {After a brief introduction to the principles and promise of quantum information processing, the requirements for the physical implementation of quantum computation are discussed. These five requirements, plus two relating to the communication of quantum information, are extensively explored and related to the many schemes in atomic physics, quantum optics, nuclear and electron magnetic resonance spectroscopy, superconducting electronics, and quantum-dot physics, for achieving quantum computing.},
	pages = {771--783},
	number = {9},
	journaltitle = {Fortschritte der Physik},
	shortjournal = {Fortschr. Phys.},
	author = {{DiVincenzo}, David P. and {IBM}},
	urldate = {2024-03-12},
	date = {2000-09},
	eprinttype = {arxiv},
	eprint = {quant-ph/0002077},
	keywords = {Condensed Matter - Mesoscale and Nanoscale Physics, Quantum Physics, {QIP}},
	file = {arXiv Fulltext PDF:/home/taco/Zotero/storage/UL6XMUEH/DiVincenzo and IBM - 2000 - The Physical Implementation of Quantum Computation.pdf:application/pdf;arXiv.org Snapshot:/home/taco/Zotero/storage/QGPTBIY3/0002077.html:text/html},
}
